
@article{Balmer:2005a,
    author = {Paul Balmer},
    title = {The spectrum of prime ideals in tensor triangulated categories},
    journal = {J. Reine Angew. Math.},
    year = 2005,
    volume = 588
}

@article{Hochster:1969,
    author = {M. Hochster},
    title = {Prime Ideal Structure in Commutative Rings},
    journal = {Trans. Amer. Math. Soc. },
    year = 1969,
    volume = 142,
    pages={43-60},
}

@misc{stacks-project,
    shorthand    = {Stacks},
    author       = {The {Stacks Project Authors}},
    title        = {\textit{Stacks Project}},
    howpublished = {\url{https://stacks.math.columbia.edu}},
    year         = {2018},
}
